[gd_scene load_steps=13 format=2]

[ext_resource path="res://objects/king/king.gd" type="Script" id=1]
[ext_resource path="res://objects/tower/tower.tscn" type="PackedScene" id=2]
[ext_resource path="res://objects/king/body_up.png" type="Texture" id=3]
[ext_resource path="res://objects/king/body_down.png" type="Texture" id=4]
[ext_resource path="res://objects/king/face_down_idle.png" type="Texture" id=5]
[ext_resource path="res://objects/king/face_down_hurt.png" type="Texture" id=6]
[ext_resource path="res://objects/king/spawn_tower1.ogg" type="AudioStream" id=7]
[ext_resource path="res://objects/king/spawn_tower2.ogg" type="AudioStream" id=8]
[ext_resource path="res://objects/king/spawn_tower3.ogg" type="AudioStream" id=9]

[sub_resource type="CapsuleShape2D" id=1]

custom_solver_bias = 0.0
radius = 80.0
height = 190.0

[sub_resource type="Animation" id=2]

length = 0.5
loop = false
step = 0.05
tracks/0/type = "value"
tracks/0/path = NodePath("bodies/down/faces/hurt:visible")
tracks/0/interp = 1
tracks/0/loop_wrap = true
tracks/0/imported = false
tracks/0/enabled = true
tracks/0/keys = {
"times": PoolRealArray( 0, 0.5 ),
"transitions": PoolRealArray( 1, 1 ),
"update": 1,
"values": [ true, false ]
}
tracks/1/type = "value"
tracks/1/path = NodePath("bodies/down/faces/idle:visible")
tracks/1/interp = 1
tracks/1/loop_wrap = true
tracks/1/imported = false
tracks/1/enabled = true
tracks/1/keys = {
"times": PoolRealArray( 0, 0.5 ),
"transitions": PoolRealArray( 1, 1 ),
"update": 1,
"values": [ false, true ]
}

[sub_resource type="Animation" id=3]

length = 1.0
loop = false
step = 0.1

[node name="king" type="KinematicBody2D" groups=[
"king",
]]

input_pickable = false
collision_layer = 2
collision_mask = 1
collision/safe_margin = 0.08
script = ExtResource( 1 )
_sections_unfolded = [ "Collision", "Transform", "Visibility" ]
tower = ExtResource( 2 )
max_mass = 100.0
min_speed = 275.0
max_speed = 350.0
min_scale = 0.25
max_scale = 1.0

[node name="shape" type="CollisionShape2D" parent="." index="0"]

position = Vector2( 0, -75 )
rotation = 1.5708
shape = SubResource( 1 )
_sections_unfolded = [ "Transform", "Visibility" ]

[node name="bodies" type="Node2D" parent="." index="1"]

_sections_unfolded = [ "Material", "Transform", "Visibility" ]

[node name="up" type="Sprite" parent="bodies" index="0"]

visible = false
use_parent_material = true
texture = ExtResource( 3 )
centered = false
offset = Vector2( -175, -216 )
_sections_unfolded = [ "Material", "Offset" ]

[node name="down" type="Sprite" parent="bodies" index="1"]

use_parent_material = true
texture = ExtResource( 4 )
centered = false
offset = Vector2( -175, -216 )
_sections_unfolded = [ "Material", "Offset" ]

[node name="faces" type="Node2D" parent="bodies/down" index="0"]

position = Vector2( -66.8018, -106.061 )
_sections_unfolded = [ "Material", "Transform" ]

[node name="idle" type="Sprite" parent="bodies/down/faces" index="0"]

use_parent_material = true
texture = ExtResource( 5 )
_sections_unfolded = [ "Material", "Offset", "Visibility" ]

[node name="hurt" type="Sprite" parent="bodies/down/faces" index="1"]

visible = false
use_parent_material = true
texture = ExtResource( 6 )
_sections_unfolded = [ "Material", "Offset", "Visibility" ]

[node name="drop_point" type="Node2D" parent="bodies" index="2"]

position = Vector2( 0, -20 )
scale = Vector2( 5, 5 )

[node name="tween" type="Tween" parent="." index="2"]

repeat = false
playback_process_mode = 1
playback_speed = 1.0
playback/active = false
playback/repeat = false
playback/speed = 1.0

[node name="animations" type="AnimationPlayer" parent="." index="3"]

root_node = NodePath("..")
autoplay = "idle"
playback_process_mode = 1
playback_default_blend_time = 0.0
playback_speed = 1.0
anims/hurt = SubResource( 2 )
anims/idle = SubResource( 3 )
blend_times = [  ]

[node name="sounds" type="Node2D" parent="." index="4"]

[node name="spawn_tower1" type="AudioStreamPlayer2D" parent="sounds" index="0"]

stream = ExtResource( 7 )
volume_db = 0.0
pitch_scale = 1.0
autoplay = false
max_distance = 2000.0
attenuation = 1.0
bus = "Master"
area_mask = 1

[node name="spawn_tower2" type="AudioStreamPlayer2D" parent="sounds" index="1"]

stream = ExtResource( 8 )
volume_db = 0.0
pitch_scale = 1.0
autoplay = false
max_distance = 2000.0
attenuation = 1.0
bus = "Master"
area_mask = 1

[node name="spawn_tower3" type="AudioStreamPlayer2D" parent="sounds" index="2"]

stream = ExtResource( 9 )
volume_db = 0.0
pitch_scale = 1.0
autoplay = false
max_distance = 2000.0
attenuation = 1.0
bus = "Master"
area_mask = 1


